@article{xing2010brief,
  title={A brief survey on sequence classification},
  author={Xing, Zhengzheng and Pei, Jian and Keogh, Eamonn},
  journal={ACM Sigkdd Explorations Newsletter},
  volume={12},
  number={1},
  pages={40--48},
  year={2010},
  publisher={ACM}
}

@article{cao2014protein,
  title={Protein sequence classification with improved extreme learning machine algorithms},
  author={Cao, Jiuwen and Xiong, Lianglin},
  journal={BioMed research international},
  volume={2014},
  year={2014},
  publisher={Hindawi}
}

@article{zeng2016convolutional,
  title={Convolutional neural network architectures for predicting DNA--protein binding},
  author={Zeng, Haoyang and Edwards, Matthew D and Liu, Ge and Gifford, David K},
  journal={Bioinformatics},
  volume={32},
  number={12},
  pages={i121--i127},
  year={2016},
  publisher={Oxford University Press}
}